
@misc{huff_cyclus:_2010,
	title = {Cyclus: A Nuclear Fuel Cycle Code from the University of Wisconsin Madison},
	url = {http://code.google.com/p/cyclus/},
	journal = {Cyclus: A Nuclear Fuel Cycle Code from the University of Wisconsin Madison},
	author = {Kathryn Huff and Paul Wilson},
	year = {2010},
	howpublished = {http://code.google.com/p/cyclus/}
}
