% This file was created with JabRef 2.8.
% Encoding: UTF-8

@MISC{coinCBC,
  author = {Forrest, John J.},
  title = {Coin-OR Branch and Cut v2.7},
  month = {June},
  year = {2012},
  owner = {gidden},
  timestamp = {2012.06.29},
  url = {https://projects.coin-or.org/Cbc}
}

@MISC{cyclopts2012,
  author = {Gidden, M.},
  title = {Cyclopts: An Optimization Wrapper for Cyclus},
  month = {June},
  year = {2012},
  owner = {gidden},
  timestamp = {2012.06.29},
  url = {https://github.com/cyclus/cyclopts}
}

@MANUAL{vision2009,
  title = {VISION User Guide - VISION (Verifiable Fuel Cycle Simulation) Model},
  author = {Jacobson, J. J., et. al.},
  organization = {Idaho National Lab},
  year = {2009},
  note = {INL/EXT-09-16645},
  owner = {gidden},
  timestamp = {2012.06.29}
}

@MISC{cyclus2012,
  author = {Wilson, P.P.H., Gidden, M. Huff, K., Carlsen, R.},
  title = {Cyclus: A Nuclear Fuel Cycle Code from the University of Wisconsin
	Madison},
  month = {June},
  year = {2012},
  owner = {gidden},
  timestamp = {2012.06.29},
  url = {http://cyclus.github.com/}
}

@comment{jabref-meta: selector_review:}

@comment{jabref-meta: selector_publisher:}

@comment{jabref-meta: selector_author:}

@comment{jabref-meta: selector_journal:}

@comment{jabref-meta: selector_keywords:}

