% This file was created with JabRef 2.8.
% Encoding: UTF-8

@MISC{coinCBC,
  author = {Forrest, John J.},
  title = {Coin-OR Branch and Cut v2.7},
  month = {June},
  year = {2012},
  note = {https://projects.coin-or.org/Cbc},
  owner = {gidden},
  timestamp = {2012.06.29}
}

@MISC{cyclopts2012,
  author = {Gidden, M.},
  title = {Cyclopts: An Optimization Wrapper for Cyclus},
  month = {June},
  year = {2012},
  note = {https://github.com/cyclus/cyclopts},
  owner = {gidden},
  timestamp = {2012.06.29}
}

@MANUAL{vision2009,
  title = {VISION User Guide - VISION (Verifiable Fuel Cycle Simulation) Model},
  author = {Jacobson, J. J. and others},
  organization = {Idaho National Lab},
  edition = {INL/EXT-09-16645},
  year = {2009},
  owner = {gidden},
  timestamp = {2012.06.29}
}

@MASTERSTHESIS{juchau2008,
  author = {Juchau, C.},
  title = {Development of the global evaluation of nuclear infrastructure and
	utilization scenarios (GENIUS) nuclear fuel cycle systems analysis
	code},
  school = {Idaho State University},
  year = {2008},
  owner = {gidden},
  timestamp = {2012.06.30}
}

@MASTERSTHESIS{oliver2009,
  author = {Oliver, K.},
  title = {GENIUSV2: Software design and mathematical formulations for 
        multi-region discrete nuclear fuel cycle simulation and analysis},
  school = {University of Wisconsin - Madison},
  year = {2009},
  owner = {gidden},
  timestamp = {2012.06.30}
}

@MISC{cyclus2012,
  author = {Wilson, P.P.H. and Gidden, M. and Huff, K. and Carlsen, R.},
  title = {Cyclus: A Nuclear Fuel Cycle Code from the University of Wisconsin
	Madison},
  month = {June},
  year = {2012},
  note = {http://cyclus.github.com/},
  owner = {gidden},
  timestamp = {2012.06.29}
}

@article{swaminathan_modeling_1998,
	title = {Modeling Supply Chain Dynamics: A Multiagent Approach},
	volume = {29},
	url = {http://onlinelibrary.wiley.com.ezproxy.library.wisc.edu/doi/10.1111/j.1540-5915.1998.tb01356.x/abstract},
	number = {3},
	urldate = {2013-01-14},
	journal = {Decision Sciences},
	author = {Swaminathan, J. and Smith, S. and Sadeh, N},
	month = jul,
	year = {1998},
	pages = {607-632},
	file = {Modeling Supply Chain Dynamics: A Multiagent Approach - Swaminathan - 2007 - Decision Sciences - Wiley Online Library:/filespace/people/g/gidden/.zotero/zotero/r4cvjg0j.default/zotero/storage/HWQCKZTX/abstract.html:text/html}
}

@article{julka_agent-based_2002,
	title = {Agent-based supply chain management-1: framework},
	volume = {26},
	shorttitle = {Agent-based supply chain management-1},
	url = {http://www.sciencedirect.com/science/article/pii/S0098135402001503},
	number = {12},
	urldate = {2013-01-14},
	journal = {Computers \& Chemical Engineering},
	author = {Julka, N. and Srinivasan, R. and Karimi, I.},
	year = {2002},
	pages = {1755-1769},
	file = {science.pdf:/filespace/people/g/gidden/.zotero/zotero/r4cvjg0j.default/zotero/storage/52D778RT/science.pdf:application/pdf}
}

@article{van_der_zee_modeling_2005,
	title = {A modeling framework for supply chain simulation: Opportunities for improved decision making},
	volume = {36},
	shorttitle = {A modeling framework for supply chain simulation},
	url = {http://onlinelibrary.wiley.com/doi/10.1111/j.1540-5915.2005.00066.x/full},
	number = {1},
	urldate = {2013-01-14},
	journal = {Decision Sciences},
	author = {Van der Zee, D. J. and Van der Vorst, J.},
	year = {2005},
	pages = {65-95},
	file = {j.1540-5915.2005.00066.x.pdf:/filespace/people/g/gidden/.zotero/zotero/r4cvjg0j.default/zotero/storage/3SXJM52B/j.1540-5915.2005.00066.x.pdf:application/pdf}
}

@article{chatfield_multi-formalism_2007,
	title = {A multi-formalism architecture for agent-based, order-centric supply chain simulation},
	volume = {15},
	url = {http://www.sciencedirect.com/science/article/pii/S1569190X06000761},
	number = {2},
	urldate = {2013-01-14},
	journal = {Simulation Modelling Practice and Theory},
	author = {Chatfield, D. C. and Hayya, J. C. and Harrison, T. P.},
	year = {2007},
	pages = {153-174},
	file = {science.pdf:/filespace/people/g/gidden/.zotero/zotero/r4cvjg0j.default/zotero/storage/MBZCXHIP/science.pdf:application/pdf}
}

@comment{jabref-meta: selector_review:}

@comment{jabref-meta: selector_publisher:}

@comment{jabref-meta: selector_author:}

@comment{jabref-meta: selector_journal:}

@comment{jabref-meta: selector_keywords:}

