%% This BibTeX bibliography file was created using BibDesk.
%% http://bibdesk.sourceforge.net/


%% Created for Seth Johnson at 2010-01-15 15:01:56 -0500 


%% Saved with string encoding Unicode (UTF-8) 



@article{Lar2008,
	Author = {Larsen, Edward W. and Wollaber, Allan B.},
	Date-Added = {2010-01-15 15:01:35 -0500},
	Date-Modified = {2010-01-15 15:01:35 -0500},
	Journal = {Nuclear Science and Engineering},
	Keywords = {SN},
	Number = {3},
	Pages = {267--283},
	Title = {A Quantitative Theory of Angular Truncation Errors in Three-Dimensional {$S_N$} Calculations},
	Volume = {160},
	Year = {2008},
	Bdsk-File-1 = {YnBsaXN0MDDUAQIDBAUIJidUJHRvcFgkb2JqZWN0c1gkdmVyc2lvblkkYXJjaGl2ZXLRBgdUcm9vdIABqAkKFRYXGyIjVSRudWxs0wsMDQ4RFFpOUy5vYmplY3RzV05TLmtleXNWJGNsYXNzog8QgASABqISE4ACgAOAB1lhbGlhc0RhdGFccmVsYXRpdmVQYXRo0hgNGRpXTlMuZGF0YU8RAgwAAAAAAgwAAgAABk1hcnZpbgAAAAAAAAAAAAAAAAAAAAAAAAAAAMLadYhIKwAAAAlkHh9MYXIyMDA4IC0gQSBRdWFudGl0YSM5MEQ2NkEucGRmAAAAAAAAAAAAAAAAAAAAAAAAAAAAAAAAAAAAAAAAAAAAkNZqxROA+AAAAAAAAAAAAAQABAAACSAAAAAAAAAAAAAAAAAAAAAGTGFyc2VuABAACAAAwtqtyAAAABEACAAAxRO5OAAAAAEADAAJZB4ACWN5AAm+WAACAEBNYXJ2aW46TGFyZ2UgRmlsZXM6UGFwZXJzOkxhcnNlbjpMYXIyMDA4IC0gQSBRdWFudGl0YSM5MEQ2NkEucGRmAA4AggBAAEwAYQByADIAMAAwADgAIAAtACAAQQAgAFEAdQBhAG4AdABpAHQAYQB0AGkAdgBlACAAVABoAGUAbwByAHkAIABvAGYAIABBAG4AZwB1AGwAYQByACAAVAByAHUAbgBjAGEAdABpAG8AbgAgAEUAcgByAG8AcgBzAC4AcABkAGYADwAOAAYATQBhAHIAdgBpAG4AEgBaTGFyZ2UgRmlsZXMvUGFwZXJzL0xhcnNlbi9MYXIyMDA4IC0gQSBRdWFudGl0YXRpdmUgVGhlb3J5IG9mIEFuZ3VsYXIgVHJ1bmNhdGlvbiBFcnJvcnMucGRmABMAAS8A//8AAIAF0hwdHh9YJGNsYXNzZXNaJGNsYXNzbmFtZaMfICFdTlNNdXRhYmxlRGF0YVZOU0RhdGFYTlNPYmplY3RfEGYuLi8uLi8uLi8uLi9MYXJnZSBGaWxlcy9QYXBlcnMvTGFyc2VuL0xhcjIwMDggLSBBIFF1YW50aXRhdGl2ZSBUaGVvcnkgb2YgQW5ndWxhciBUcnVuY2F0aW9uIEVycm9ycy5wZGbSHB0kJaIlIVxOU0RpY3Rpb25hcnkSAAGGoF8QD05TS2V5ZWRBcmNoaXZlcgAIABEAFgAfACgAMgA1ADoAPABFAEsAUgBdAGUAbABvAHEAcwB2AHgAegB8AIYAkwCYAKACsAKyArcCwALLAs8C3QLkAu0DVgNbA14DawNwAAAAAAAAAgEAAAAAAAAAKAAAAAAAAAAAAAAAAAAAA4I=}}

@techreport{Car1953,
	Author = {Carlson, Bengt G.},
	Date-Added = {2010-01-15 14:53:00 -0500},
	Date-Modified = {2010-01-15 14:53:00 -0500},
	Institution = {Los Alamos Scientific Laboratory},
	Number = {LA-1599},
	Title = {Solution of the Transport Equation by {S$_n$} Approximations},
	Year = {1953},
	Bdsk-File-1 = {YnBsaXN0MDDUAQIDBAUIJidUJHRvcFgkb2JqZWN0c1gkdmVyc2lvblkkYXJjaGl2ZXLRBgdUcm9vdIABqAkKFRYXGyIjVSRudWxs0wsMDQ4RFFpOUy5vYmplY3RzV05TLmtleXNWJGNsYXNzog8QgASABqISE4ACgAOAB1lhbGlhc0RhdGFccmVsYXRpdmVQYXRo0hgNGRpXTlMuZGF0YU8RAioAAAAAAioAAgAABk1hcnZpbgAAAAAAAAAAAAAAAAAAAAAAAAAAAMLadYhIKwAAAYfK8h9DYXIxOTUzIC0gU29sdXRpb24gIzIwNEQzRDgucGRmAAAAAAAAAAAAAAAAAAAAAAAAAAAAAAAAAAAAAAAAAAACBNPYrit+GAAAAAAAAAAAAAQABAAACSAAAAAAAAAAAAAAAAAAAAAHQ2FybHNvbgAAEAAIAADC2q3IAAAAEQAIAACuK7ZYAAAAAQAMAYfK8gAJY3kACb5YAAIAQU1hcnZpbjpMYXJnZSBGaWxlczpQYXBlcnM6Q2FybHNvbjpDYXIxOTUzIC0gU29sdXRpb24gIzIwNEQzRDgucGRmAAAOAJIASABDAGEAcgAxADkANQAzACAALQAgAFMAbwBsAHUAdABpAG8AbgAgAG8AZgAgAHQAaABlACAAVAByAGEAbgBzAHAAbwByAHQAIABFAHEAdQBhAHQAaQBvAG4AIABiAHkAIABTACQAXwBuACQAIABBAHAAcAByAG8AeABpAG0AYQB0AGkAbwBuAHMALgBwAGQAZgAPAA4ABgBNAGEAcgB2AGkAbgASAGNMYXJnZSBGaWxlcy9QYXBlcnMvQ2FybHNvbi9DYXIxOTUzIC0gU29sdXRpb24gb2YgdGhlIFRyYW5zcG9ydCBFcXVhdGlvbiBieSBTJF9uJCBBcHByb3hpbWF0aW9ucy5wZGYAABMAAS8A//8AAIAF0hwdHh9YJGNsYXNzZXNaJGNsYXNzbmFtZaMfICFdTlNNdXRhYmxlRGF0YVZOU0RhdGFYTlNPYmplY3RfEG8uLi8uLi8uLi8uLi9MYXJnZSBGaWxlcy9QYXBlcnMvQ2FybHNvbi9DYXIxOTUzIC0gU29sdXRpb24gb2YgdGhlIFRyYW5zcG9ydCBFcXVhdGlvbiBieSBTJF9uJCBBcHByb3hpbWF0aW9ucy5wZGbSHB0kJaIlIVxOU0RpY3Rpb25hcnkSAAGGoF8QD05TS2V5ZWRBcmNoaXZlcgAIABEAFgAfACgAMgA1ADoAPABFAEsAUgBdAGUAbABvAHEAcwB2AHgAegB8AIYAkwCYAKACzgLQAtUC3gLpAu0C+wMCAwsDfQOCA4UDkgOXAAAAAAAAAgEAAAAAAAAAKAAAAAAAAAAAAAAAAAAAA6k=}}

@book{Kno2000,
	Author = {Knoll, Glenn F.},
	Date-Added = {2010-01-15 14:52:06 -0500},
	Date-Modified = {2010-01-15 14:52:06 -0500},
	Edition = {3rd},
	Publisher = {John Wiley \& Sons, Inc.},
	Title = {Radiation Detection and Measurement},
	Year = {2000}}
