@misc{chu_2012,
	title = {Department of Energy FY2013 Budget Request Overview},
	url = {http://www.slideshare.net/energy/us-department-of-energy-fy2013-proposed-budget},
	author = {Chu, Stephen},
	month = feb,
	year = {2012}
}